
% --- Test Referens --- ---
@article{TestReferens,
  author = {Lars Jon},
  title = {Dipolen och jag},
  journal = {Romanslitteratur},
  year = 2005,
  month = October,
  day = 16,
  url = "https://www.kth.se/profile/ljonsson"
}